@book{ML_HASTIE,
    author = {Hastie, Trevor and Tibshirani, Robert and Friedman, Jerome},
    edition = 2,
    keywords = {inference mathmatics dataanalysis method clutering statistics},
    publisher = {Springer},
    title = {The Elements of Statistical Learning: Data mining, Inference and Prediction},
    year = 2009
}

TODO finish
@manual{ML_TMVA,
    title = {TMVA Users Guide},
}

Electron efficiencies
@techreport{ATLAS-CONF-2016-024,
      title         = "{Electron efficiency measurements with the ATLAS detector
                       using the 2015 LHC proton-proton collision data}",
      institution   = "CERN",
      collaboration = "ATLAS Collaboration",
      address       = "Geneva",
      number        = "ATLAS-CONF-2016-024",
      month         = "Jun",
      year          = "2016",
      reportNumber  = "ATLAS-CONF-2016-024",
      url           = "https://cds.cern.ch/record/2157687",
}
